@misc{d2l_bptt,
  author = {},
  title = {Backpropagation Through Time},
  year = {},
  howpublished = "\url{https://d2l.ai/chapter_recurrent-neural-networks/bptt.html}",
  note = {Accessed: 2024-03-24}
}

@misc{murat_bptt,
  author = {Murat Karakaya},
  title = {Backpropagation Through Time of RNN},
  year = {2019},
  howpublished = "\url{https://mmuratarat.github.io/2019-02-07/bptt-of-rnn}",
  note = {Accessed: 2024-03-24}
}

@misc{multivariate_chain_rule,
  author = {Paul's online notes},
  title = {Chain rule},
  year = {2018},
  howpublished = "\url{https://tutorial.math.lamar.edu/classes/calciii/chainrule.aspx}",
  note = {Accessed: 2024-03-24}
}