@article{NeuralGas,
  author          = {Thomas Martinez and Klaus Schulten},
  journal         = {Proceedings of the International Conference on Artificial Neural Networks 1991 (Espoo, Finland)},
  number          = {},
  title           = {A "Neural-Gas" Network Learns Topologies},
  volume          = {Amsterdam; New York: North-Holland},
  year            = {1991}
}